<record><leader>00000cas a2200000 a 4500</leader><controlfield tag="001">9719476</controlfield><controlfield tag="008">830720d18431942nyuwr ne      0    0eng c</controlfield><datafield ind1=" " ind2=" " tag="010"><subfield code="a">sn 83030965 </subfield></datafield><datafield ind1=" " ind2=" " tag="040"><subfield code="a">NPU</subfield><subfield code="b">eng</subfield><subfield code="c">NPU</subfield><subfield code="d">DLC</subfield><subfield code="d">NYG</subfield><subfield code="d">NPX</subfield><subfield code="d">NYG</subfield><subfield code="d">NYS</subfield><subfield code="d">OCL</subfield><subfield code="d">NYS</subfield><subfield code="d">BUF</subfield><subfield code="d">OCLCQ</subfield><subfield code="d">OCLCF</subfield><subfield code="d">OCLCO</subfield></datafield><datafield ind1="1" ind2=" " tag="029"><subfield code="a">AU@</subfield><subfield code="b">000020127176</subfield></datafield><datafield ind1=" " ind2=" " tag="042"><subfield code="a">pcc</subfield></datafield><datafield ind1=" " ind2=" " tag="043"><subfield code="a">n-us-ny</subfield></datafield><datafield ind1="0" ind2="0" tag="050"><subfield code="a">Newspaper 8829-X</subfield></datafield><datafield ind1="1" ind2="4" tag="050"><subfield code="a">AN256</subfield><subfield code="b">.S83</subfield></datafield><datafield ind1="0" ind2=" " tag="130"><subfield code="a">Steuben courier (Bath, N.Y. : 1843)</subfield></datafield><datafield ind1="1" ind2="0" tag="245"><subfield code="a">Steuben courier.</subfield></datafield><datafield ind1=" " ind2=" " tag="260"><subfield code="a">Bath and Corning, Steuben County, N.Y. :</subfield><subfield code="b">Hull &amp; Whittemore</subfield></datafield><datafield ind1=" " ind2=" " tag="300"><subfield code="a">v. :</subfield><subfield code="b">ill. (chiefly adv.) ;</subfield><subfield code="c">54-61 cm.</subfield></datafield><datafield ind1=" " ind2=" " tag="310"><subfield code="a">Weekly</subfield></datafield><datafield ind1="0" ind2=" " tag="362"><subfield code="a">Vol. 1, no. 1 (Sept. 20, 1843)-</subfield></datafield><datafield ind1="1" ind2=" " tag="362"><subfield code="a">Ceased in June 1942?</subfield></datafield><datafield ind1=" " ind2=" " tag="500"><subfield code="a">Published in Bath, N.Y., Sept. 17, 1845-&lt;1942&gt;.</subfield></datafield><datafield ind1=" " ind2=" " tag="500"><subfield code="a">Publishers: H.H. Hull &amp; Whittemore, &lt;1843&gt;; H.H. Hull &amp; C.G. Fairman, &lt;1856&gt;; Hull &amp; Barnes, &lt;1865&gt;; H.H. Hull &amp; Son, &lt;1875-1876&gt;; Harry S. Hull, &lt;1876&gt;; Courier Co., Ltd., &lt;1893-1934&gt;.</subfield></datafield><datafield ind1=" " ind2=" " tag="500"><subfield code="a">Editors: Harry S. Hull, G.H. McMaster, S.S. Seely, &lt;1876&gt;; J.F. Parkhurst, &lt;1893&gt;.</subfield></datafield><datafield ind1=" " ind2=" " tag="530"><subfield code="a">Available on microfilm from Micro Photo Div., Bell &amp; Howell.</subfield></datafield><datafield ind1=" " ind2="0" tag="651"><subfield code="a">Bath (N.Y.)</subfield><subfield code="v">Newspapers.</subfield></datafield><datafield ind1=" " ind2="0" tag="651"><subfield code="a">Corning (N.Y.)</subfield><subfield code="v">Newspapers.</subfield></datafield><datafield ind1=" " ind2="7" tag="655"><subfield code="a">Newspapers.</subfield><subfield code="2">fast</subfield><subfield code="0">(OCoLC)fst01423814</subfield></datafield><datafield ind1=" " ind2="7" tag="651"><subfield code="a">New York (State)</subfield><subfield code="z">Bath.</subfield><subfield code="2">fast</subfield><subfield code="0">(OCoLC)fst01221270</subfield></datafield><datafield ind1=" " ind2="7" tag="651"><subfield code="a">New York (State)</subfield><subfield code="z">Corning.</subfield><subfield code="2">fast</subfield><subfield code="0">(OCoLC)fst01207976</subfield></datafield><datafield ind1=" " ind2=" " tag="752"><subfield code="a">United States</subfield><subfield code="b">New York</subfield><subfield code="c">Steuben</subfield><subfield code="d">Bath.</subfield></datafield><datafield ind1=" " ind2=" " tag="752"><subfield code="a">United States</subfield><subfield code="b">New York</subfield><subfield code="c">Steuben</subfield><subfield code="d">Corning.</subfield></datafield><datafield ind1="0" ind2="7" tag="785"><subfield code="t">Avoca herald</subfield><subfield code="w">(DLC)sn 92061667</subfield></datafield><datafield ind1="0" ind2="7" tag="785"><subfield code="t">Steuben courier and the Avoca herald</subfield><subfield code="w">(DLC)sn 84035542</subfield></datafield></record>